@article{reference1,
  author = {Author Name},
  title = {Title of the Article},
  journal = {Journal Name},
  year = {2023},
}

@book{reference2,
  author = {Author Name},
  title = {Title of the Book},
  publisher = {Publisher Name},
  year = {2020},
}

@misc{ক০২,
	author = {লেখকের নাম},
	title = {বইয়ের নাম},
	howpublished = {},
	year = {২০২৪},
	note = {},
}

